<record><leader>00000cas a22000007a 4500</leader><controlfield tag="001">11770467</controlfield><controlfield tag="008">850306d18981975iauwr ne      0    0eng d</controlfield><datafield ind1=" " ind2=" " tag="010"><subfield code="a">sn 85050753 </subfield></datafield><datafield ind1=" " ind2=" " tag="040"><subfield code="a">INP</subfield><subfield code="b">eng</subfield><subfield code="c">INP</subfield><subfield code="d">DLC</subfield><subfield code="d">INP</subfield><subfield code="d">OCLCQ</subfield></datafield><datafield ind1=" " ind2=" " tag="042"><subfield code="a">msc</subfield></datafield><datafield ind1="0" ind2=" " tag="130"><subfield code="a">Roland record (Roland, Iowa : 1898)</subfield></datafield><datafield ind1="1" ind2="0" tag="245"><subfield code="a">Roland record.</subfield></datafield><datafield ind1="3" ind2="0" tag="246"><subfield code="a">Record</subfield></datafield><datafield ind1=" " ind2=" " tag="260"><subfield code="a">Roland, Iowa :</subfield><subfield code="b">Charles E. Armstrong,</subfield><subfield code="c">1898-1975.</subfield></datafield><datafield ind1=" " ind2=" " tag="300"><subfield code="a">78 v. :</subfield><subfield code="b">ill. ;</subfield><subfield code="c">51-56 cm.</subfield></datafield><datafield ind1=" " ind2=" " tag="310"><subfield code="a">Weekly</subfield></datafield><datafield ind1="0" ind2=" " tag="362"><subfield code="a">Vol. 4, no. 45 (Dec. 30, 1898)-v. 81, no. 44 (Dec. 30, 1975).</subfield></datafield><datafield ind1=" " ind2=" " tag="500"><subfield code="a">Centennial issue published July 9, 1970.</subfield></datafield><datafield ind1=" " ind2=" " tag="500"><subfield code="a">Publisher varies.</subfield></datafield><datafield ind1=" " ind2=" " tag="515"><subfield code="a">Numbered within the year, Mar.-Feb. &lt;1969-1973&gt;.</subfield></datafield><datafield ind1=" " ind2=" " tag="515"><subfield code="a">Issue for Mar. 4, 1971, incorrectly dated Mar. 4, 1970.</subfield></datafield><datafield ind1=" " ind2=" " tag="752"><subfield code="a">United States</subfield><subfield code="b">Iowa</subfield><subfield code="c">Story</subfield><subfield code="d">Roland.</subfield></datafield><datafield ind1="0" ind2="0" tag="780"><subfield code="a">Record (Roland, Iowa)</subfield><subfield code="w">(DLC)sn 85050814</subfield></datafield><datafield ind1="0" ind2="4" tag="785"><subfield code="t">Story City herald (Story City, Iowa : 1892)</subfield><subfield code="w">(DLC)sn 85050754</subfield><subfield code="g">Dec. 31, 1975</subfield></datafield></record>